% Add BibTeX entries for your references here.
% Example:
% @article{LeCun2022Path,
%   author    = {Yann LeCun},
%   title     = {A Path Towards Autonomous Machine Intelligence},
%   journal   = {OpenReview},
%   year      = {2022},
%   url       = {https://openreview.net/forum?id=BZ5a1r-kVsf}
% } 

@article{Assran2023,
  author    = {Assran, Mahmoud and Duval, Quentin and Misra, Ishan and Bojanowski, Piotr and Vincent, Pascal and Rabbat, Michael and LeCun, Yann and Ballas, Nicolas},
  title     = {Self-Supervised Learning from Images with a Joint-Embedding Predictive Architecture},
  journal   = {arXiv preprint arXiv:2301.08586},
  year      = {2023},
  eprint    = {2301.08586},
  archivePrefix = {arXiv},
  primaryClass = {cs.CV}
}

@inproceedings{Bardes2021,
  author    = {Bardes, Adrien and Ponce, Jean and LeCun, Yann},
  title     = {{VICR}eg: Variance-Invariance-Covariance Regularization for Self-Supervised Learning},
  booktitle = {International Conference on Learning Representations (ICLR)},
  year      = {2022},
  eprint    = {2105.04906},
  archivePrefix = {arXiv},
  primaryClass = {cs.LG},
  note      = {Published at ICLR 2022. arXiv preprint arXiv:2105.04906}
}

@article{Bardes2022,
  author    = {Bardes, Adrien and others},
  title     = {Variance-Covariance Regularization Enforces Pairwise Independence in Self-Supervised Representations},
  journal   = {arXiv preprint arXiv:2205.15951},
  year      = {2022},
  eprint    = {2205.15951},
  archivePrefix = {arXiv},
  primaryClass = {cs.LG}
}

@article{Bardes2024,
  author    = {Bardes, Adrien and Garrido, Quentin and Ponce, Jean and Chen, Xi and Rabbat, Michael and LeCun, Yann and Assran, Mahmoud and Ballas, Nicolas},
  title     = {Revisiting Feature Prediction for Learning Visual Representations from Video},
  journal   = {arXiv preprint arXiv:2404.08471},
  year      = {2024},
  eprint    = {2404.08471},
  archivePrefix = {arXiv},
  primaryClass = {cs.CV}
}

@article{BaronCohen2009,
  author    = {Baron-Cohen, Simon},
  title     = {Autism: The Empathizing–Systemizing ({E-S}) Theory},
  journal   = {Annals of the New York Academy of Sciences},
  volume    = {1156},
  number    = {1},
  pages     = {68--80},
  year      = {2009}
}

@misc{DodsonVarious,
  author    = {Dodson, William},
  title     = {Conceptual work on the "Interest-Based Nervous System" in {ADHD}},
  year      = {Various Dates},
  note      = {Sources include presentations, ADDitude Magazine articles, and podcast interviews (e.g., "How ADHD Shapes Your Perceptions, Emotions & Motivation"; "Defining Features of ADHD That Everyone Overlooks"). Requires specific source pinpointing for formal use.}
}

@article{Drozdov2024,
  author    = {Drozdov, Konstantin and Shwartz-Ziv, Ravid and LeCun, Yann},
  title     = {Video Representation Learning with Joint-Embedding Predictive Architectures},
  journal   = {arXiv preprint arXiv:2412.10925},
  year      = {2024},
  eprint    = {2412.10925},
  archivePrefix = {arXiv},
  primaryClass = {cs.CV},
  note      = {Possible duplicate or update of Bardes et al., 2024. Verify primary citation.}
}

@inproceedings{Gal2016,
  author    = {Gal, Yarin and Ghahramani, Zoubin},
  title     = {Dropout as a Bayesian Approximation: Representing Model Uncertainty in Deep Learning},
  booktitle = {Proceedings of the 33rd International Conference on Machine Learning (ICML)},
  series    = {Proceedings of Machine Learning Research},
  volume    = {48},
  pages     = {1050--1059},
  publisher = {PMLR},
  year      = {2016}
}

@article{Garrido2024,
  author    = {Garrido, Quentin and Assran, Mahmoud and Ballas, Nicolas and Bardes, Adrien and Najman, Laurent and LeCun, Yann},
  title     = {Learning and Leveraging World Models in Visual Representation Learning},
  journal   = {arXiv preprint arXiv:2403.00504},
  year      = {2024},
  eprint    = {2403.00504},
  archivePrefix = {arXiv},
  primaryClass = {cs.CV}
}

@article{LeCun2022,
  author    = {LeCun, Yann},
  title     = {A Path Towards Autonomous Machine Intelligence},
  journal   = {OpenReview},
  year      = {2022},
  url       = {https://openreview.net/forum?id=BZ5a1r-kVsf}
}

@misc{LeCun2025,
  author    = {LeCun, Yann},
  title     = {Statements on World Models, {JEPA}, and limitations of {LLMs}},
  howpublished = {Presented at NVIDIA GTC 2025},
  year      = {2025},
  note      = {Requires specific transcript or recording link for formal citation.}
}

@article{Mottron2006,
  author    = {Mottron, Laurent and Dawson, Michelle and Soulieres, Isabelle and Hubert, Bruno and Burack, Jacob},
  title     = {Enhanced perceptual functioning in autism: an update, and eight principles of autistic perception},
  journal   = {Journal of Autism and Developmental Disorders},
  volume    = {36},
  number    = {1},
  pages     = {27--43},
  year      = {2006}
}

@book{NRC1995,
  author    = {{National Research Council (US) Committee on Techniques for the Enhancement of Human Performance}},
  title     = {An Assessment of the Evidence for Psychic Functioning},
  publisher = {National Academies Press (US)},
  year      = {1995}
}

@article{Puthoff1996,
  author    = {Puthoff, Harold E.},
  title     = {{CIA}-Initiated Remote Viewing Program at Stanford Research Institute},
  journal   = {Journal of Scientific Exploration},
  volume    = {10},
  number    = {1},
  pages     = {63--76},
  year      = {1996}
}

@article{Samson2011,
  author    = {Samson, Fabienne and Mottron, Laurent and Soulières, Isabelle and Zeffiro, Thomas A.},
  title     = {Enhanced visual functioning in autism: An {ALE} meta-analysis},
  journal   = {Human Brain Mapping},
  volume    = {33},
  number    = {7},
  pages     = {1553--1581},
  year      = {2011}
}

@article{Zhu2023,
  author    = {Zhu, Jialin and Evtimova, Katerina and Chen, Yubei and Shwartz-Ziv, Ravid and LeCun, Yann},
  title     = {Variance-Covariance Regularization Improves Representation Learning},
  journal   = {arXiv preprint arXiv:2306.13292},
  year      = {2023},
  eprint    = {2306.13292},
  archivePrefix = {arXiv},
  primaryClass = {cs.LG}
} 